<?xml version="1.0" encoding="UTF-8"?>
<?xml-stylesheet type="text/xsl" href="https://www.revistas.usp.br/lib/pkp/xml/oai2.xsl" ?>
<OAI-PMH xmlns="http://www.openarchives.org/OAI/2.0/" xmlns:xsi="http://www.w3.org/2001/XMLSchema-instance" xsi:schemaLocation="http://www.openarchives.org/OAI/2.0/ http://www.openarchives.org/OAI/2.0/OAI-PMH.xsd">
<responseDate>2023-08-07T14:50:04Z</responseDate>
<request verb="ListRecords" metadataPrefix="marcxml" set="actafisiatrica">https://www.revistas.usp.br/actafisiatrica/oai</request>
<ListRecords>
<record>
<header>
<identifier>oai:revistas.usp.br:article/102918</identifier>
<datestamp>2019-11-27T19:26:03Z</datestamp>
<setSpec>actafisiatrica:Art.+Orig.</setSpec>
<setSpec>driver</setSpec>
</header>
<metadata>
<record xmlns="http://www.loc.gov/MARC21/slim" xmlns:xsi="http://www.w3.org/2001/XMLSchema-instance" xsi:schemaLocation="http://www.loc.gov/MARC21/slim http://www.loc.gov/standards/marcxml/schema/MARC21slim.xsd">
<leader>     nmb a2200000Iu 4500</leader>
<controlfield tag="008">"080609 2008                        eng  "</controlfield>
<datafield tag="022" ind1="#" ind2="#">
<subfield code="$a">2317-0190</subfield>
</datafield>
<datafield tag="022" ind1="#" ind2="#">
<subfield code="$a">0104-7795</subfield>
</datafield>
<datafield tag="042" ind1=" " ind2=" ">
<subfield code="a">dc</subfield>
</datafield>
<datafield tag="245" ind1="0" ind2="0">
<subfield code="a">Avaliação radiológica dos valores angulares das curvaturas lombo-lombar e lombosacra em adolescentes</subfield>
</datafield>  <datafield tag="720" ind1="1" ind2=" ">
<subfield code="a">Gonçalves, Giovanna Barros</subfield>
<subfield code="u">Universidade Salgado de Oliveira</subfield></datafield>
<datafield tag="720" ind1="1" ind2=" ">
<subfield code="a">Pereira, João Santos</subfield>
<subfield code="u">Universidade Federal de São Paulo</subfield></datafield>
<datafield tag="520" ind1=" " ind2=" ">
<subfield code="a"> A região lombar é de grande importância na harmonia e manutenção da postura ereta e deve ser incluída em qualquer avaliação fisioterapêutica. Devido à dificuldade em definir o que pode ser chamado de curvatura lombar normal, realizou-se este estudo com o objetivo de avaliar a lordose lombar através das medidas angulares das curvaturas lombo-lombar (L1-L5) e lombo-sacra (L1-S1), para se os estabelecerem os valores indicativos dessas curvaturas em adolescentes. Métodos: Participaram deste estudo 22 jovens assintomáticos, de ambos os sexos, com idade variando entre 14 e 18 anos. Todos os voluntários foram submetidos ao exame radiológico da região lombar em plano sagital, realizado no Hospital Doutor João Felício na cidade de Juiz de Fora/MG. As medidas das angulações das curvaturas lombares foram realizadas através da aplicação do método de Cobb diretamente sobre as radiografias. Resultados e Discussão: Não foram observadas diferenças estatisticamente significativas em relação ao sexo para os valores angulares lombo-lombar (L1-L5) e igualmente para as angulações lombo-sacra (L1-S1). Apesar de não haver concordância na literatura em relação a análise e definição dos ângulos da curvatura da coluna lombar no plano sagital, os resultados mostraram-se compatíveis com as pesquisas relatadas na literatura, apresentando valores semelhantes aos encontrados por outros autores. Conclusão: Os valores angulares normativos para as curvaturas lombo-lombar e lombo-sacra podem ser estabelecidos, respectivamente, em médias angulares de 44,44º e 57,5º para adolescentes assintomáticos. </subfield>
</datafield>
<datafield tag="260" ind1=" " ind2=" ">
<subfield code="b">Faculdade de Medicina, Universidade de São Paulo</subfield>
</datafield>
<dataField tag="260" ind1=" " ind2=" ">
<subfield code="c">2008-06-09 00:00:00</subfield>
</dataField>   <datafield tag="856" ind1=" " ind2=" ">
<subfield code="q">application/pdf</subfield>
</datafield>
<datafield tag="856" ind1="4" ind2="0">
<subfield code="u">https://www.revistas.usp.br/actafisiatrica/article/view/102918</subfield>
</datafield>  <datafield tag="786" ind1="0" ind2=" ">
<subfield code="n">Acta Fisiátrica; v. 15 n. 2 (2008)</subfield>
</datafield>  <datafield tag="546" ind1=" " ind2=" ">
<subfield code="a">por</subfield>
</datafield>   <datafield tag="540" ind1=" " ind2=" ">
<subfield code="a">Copyright (c) 2008 Acta Fisiátrica</subfield>
</datafield>
</record>
</metadata>
</record>