
<record>
<header>
<identifier>oai:revistas.usp.br:article/102920</identifier>
<datestamp>2019-11-27T19:34:18Z</datestamp>
<setSpec>actafisiatrica:Art.+Orig.</setSpec>
<setSpec>driver</setSpec>
</header>
<metadata>
<record xmlns="http://www.loc.gov/MARC21/slim" xmlns:xsi="http://www.w3.org/2001/XMLSchema-instance" xsi:schemaLocation="http://www.loc.gov/MARC21/slim http://www.loc.gov/standards/marcxml/schema/MARC21slim.xsd">
<leader>     nmb a2200000Iu 4500</leader>
<controlfield tag="008">"080609 2008                        eng  "</controlfield>
<datafield tag="022" ind1="#" ind2="#">
<subfield code="$a">2317-0190</subfield>
</datafield>
<datafield tag="022" ind1="#" ind2="#">
<subfield code="$a">0104-7795</subfield>
</datafield>
<datafield tag="042" ind1=" " ind2=" ">
<subfield code="a">dc</subfield>
</datafield>
<datafield tag="245" ind1="0" ind2="0">
<subfield code="a">Validação da versão brasileira da Escala de Avaliação Postural para pacientes após acidente vascular encefálico</subfield>
</datafield>  <datafield tag="720" ind1="1" ind2=" ">
<subfield code="a">Yoneyama, Simone Minae</subfield>
<subfield code="u">Universidade Estadual de Campinas</subfield></datafield>
<datafield tag="720" ind1="1" ind2=" ">
<subfield code="a">Roiz, Roberta de Melo</subfield>
<subfield code="u">Universidade Estadual de Campinas</subfield></datafield>
<datafield tag="720" ind1="1" ind2=" ">
<subfield code="a">Oliveira, Tiago Maia</subfield>
<subfield code="u">Universidade Estadual de Campinas. Faculdade de Ciências Médicas</subfield></datafield>
<datafield tag="720" ind1="1" ind2=" ">
<subfield code="a">Oberg, Telma Dagmar</subfield>
<subfield code="u">Universidade Estadual de Campinas. Faculdade de Ciências Médicas</subfield></datafield>
<datafield tag="720" ind1="1" ind2=" ">
<subfield code="a">Lima, Núbia Maria Freire Vieira</subfield>
<subfield code="u">Universidade Estadual de Campinas. Faculdade de Ciências Médicass</subfield></datafield>
<datafield tag="520" ind1=" " ind2=" ">
<subfield code="a"> Objetivo: Verificar a confiabilidade inter e intra-examinador, a validade construtiva e a consistência interna da versão brasileira da Escala de Avaliação Postural para pacientes após Acidente vascular encefálico (EAPA) Método: O instrumento foi traduzido para a Língua Portuguesa, com base na sua versão original em Inglês por um tradutor bilíngüe. Dezenove indivíduos hemiparéticos foram avaliados por três examinadores pelo Escala de Avaliação Postural para Pacientes após AVE (EAPA) e Protocolo de Desempenho Físico de Fugl-Meyer. Resultados: Não foi encontrado efeito teto. Houve correlação entre os instrumentos Fugl-Meyer e EAPA total (r=0.79 e p&lt;0.0001); excelente consistência interna para a EAPA total (0.83) e na sua subescala Mudança de Postura [MUP] (0.84); excelente coeficiente de confiabilidade interexaminador para a EAPA total e suas subescalas Mantendo a Postura e MUP (0.93; 0.95 e 0.87, respectivamente). Conclusão: A EAPA apresentou resultados de validade construtiva, consistência interna e confiabilidade inter e intra-examinador que permitem a sua utilização na prática clínica. </subfield>
</datafield>
<datafield tag="260" ind1=" " ind2=" ">
<subfield code="b">Faculdade de Medicina, Universidade de São Paulo</subfield>
</datafield>
<dataField tag="260" ind1=" " ind2=" ">
<subfield code="c">2008-06-09 00:00:00</subfield>
</dataField>   <datafield tag="856" ind1=" " ind2=" ">
<subfield code="q">application/pdf</subfield>
</datafield>
<datafield tag="856" ind1="4" ind2="0">
<subfield code="u">https://www.revistas.usp.br/actafisiatrica/article/view/102920</subfield>
</datafield>  <datafield tag="786" ind1="0" ind2=" ">
<subfield code="n">Acta Fisiátrica; v. 15 n. 2 (2008)</subfield>
</datafield>  <datafield tag="546" ind1=" " ind2=" ">
<subfield code="a">por</subfield>
</datafield>   <datafield tag="540" ind1=" " ind2=" ">
<subfield code="a">Copyright (c) 2008 Acta Fisiátrica</subfield>
</datafield>
</record>
</metadata>
</record>