
<record>
<header>
<identifier>oai:revistas.usp.br:article/102921</identifier>
<datestamp>2019-11-27T19:43:45Z</datestamp>
<setSpec>actafisiatrica:Art.+Orig.</setSpec>
<setSpec>driver</setSpec>
</header>
<metadata>
<record xmlns="http://www.loc.gov/MARC21/slim" xmlns:xsi="http://www.w3.org/2001/XMLSchema-instance" xsi:schemaLocation="http://www.loc.gov/MARC21/slim http://www.loc.gov/standards/marcxml/schema/MARC21slim.xsd">
<leader>     nmb a2200000Iu 4500</leader>
<controlfield tag="008">"080609 2008                        eng  "</controlfield>
<datafield tag="022" ind1="#" ind2="#">
<subfield code="$a">2317-0190</subfield>
</datafield>
<datafield tag="022" ind1="#" ind2="#">
<subfield code="$a">0104-7795</subfield>
</datafield>
<datafield tag="042" ind1=" " ind2=" ">
<subfield code="a">dc</subfield>
</datafield>
<datafield tag="245" ind1="0" ind2="0">
<subfield code="a">Lombalgia e cefaléia como aspectos importantes da dor crônica na atenção primária à saúde em uma comunidade da região amazônica brasileira</subfield>
</datafield>  <datafield tag="720" ind1="1" ind2=" ">
<subfield code="a">Cordeiro, Quirino</subfield>
<subfield code="u">Universidade de São Paulo. Faculdade de Medicina</subfield></datafield>
<datafield tag="720" ind1="1" ind2=" ">
<subfield code="a">El Khouri, Marcelo</subfield>
<subfield code="u">Universidade de São Paulo. Faculdade de Medicina</subfield></datafield>
<datafield tag="720" ind1="1" ind2=" ">
<subfield code="a">Ota, Daniela</subfield>
<subfield code="u">Universidade de São Paulo. Faculdade de Medicina</subfield></datafield>
<datafield tag="720" ind1="1" ind2=" ">
<subfield code="a">Ciampi, Daniel</subfield>
<subfield code="u">Universidade de São Paulo. Faculdade de Medicina</subfield></datafield>
<datafield tag="720" ind1="1" ind2=" ">
<subfield code="a">Corbett, Carlos Eduardo</subfield>
<subfield code="u">Universidade de São Paulo. Faculdade de Medicina</subfield></datafield>
<datafield tag="520" ind1=" " ind2=" ">
<subfield code="a"> A dor tem sido descrita como sendo uma experiência sensorial e emocional desagradável que é associada ou descrita em termos de lesão tecidual. Na atenção primária à saúde, a dor crônica atinge altos níveis de prevalência, especialmente devido aos quadros de lombalgia e de cefaléias. O objetivo do presente estudo foi investigar a prevalência de dor crônica na atenção primária à saúde na cidade de Buriticupu, localizada no estado do Maranhão, Brasil. Dentre todos os quadros clínicos, a dor crônica foi o diagnóstico mais prevalente entre os pacientes investigados, sendo encontrada em 539 pacientes (23,02%). Dor músculo-esquelética foi o quadro de dor crônica mais comum, atingindo 250 pacientes (10,62%), sendo que lombalgia foi o diagnóstico mais prevalente entre os quadros de dor músculo-esquelética, sendo encontrada em 120 pacientes (5,12%). Por outro lado, as cefaléias foram o segundo quadro de dor crônica mais comum, depois da dor músculo-esquelética, tendo sido diagnosticada em 212 pacientes (9,05%). Assim, 61,6% dos pacientes com dor crônica apresentavam lombalgia ou cefaléia. Análise estatística univariada encontrou associação entre gênero feminino e cefaléia, entre idade avançada e os principais tipos de dor crônica que foram avaliados neste estudo (músculo-esquelética, lombalgia e cefaléia), e entre índice de massa corpórea e dor músculo-esquelética e lombalgia. Quando a análise multivariada foi conduzida, as associações observadas com gênero feminino e idade avançada não mostraram alterações, mantendo os mesmos padrões de associação. No entanto, o índice de massa corpórea não apresentou mais associação com qualquer tipo de dor crônica. </subfield>
</datafield>
<datafield tag="260" ind1=" " ind2=" ">
<subfield code="b">Faculdade de Medicina, Universidade de São Paulo</subfield>
</datafield>
<dataField tag="260" ind1=" " ind2=" ">
<subfield code="c">2008-06-09 00:00:00</subfield>
</dataField>   <datafield tag="856" ind1=" " ind2=" ">
<subfield code="q">application/pdf</subfield>
</datafield>
<datafield tag="856" ind1="4" ind2="0">
<subfield code="u">https://www.revistas.usp.br/actafisiatrica/article/view/102921</subfield>
</datafield>  <datafield tag="786" ind1="0" ind2=" ">
<subfield code="n">Acta Fisiátrica; v. 15 n. 2 (2008)</subfield>
</datafield>  <datafield tag="546" ind1=" " ind2=" ">
<subfield code="a">por</subfield>
</datafield>   <datafield tag="540" ind1=" " ind2=" ">
<subfield code="a">Copyright (c) 2008 Acta Fisiátrica</subfield>
</datafield>
</record>
</metadata>
</record>