
<record>
<header>
<identifier>oai:revistas.usp.br:article/102922</identifier>
<datestamp>2019-11-27T20:29:55Z</datestamp>
<setSpec>actafisiatrica:Art.+Rev.</setSpec>
<setSpec>driver</setSpec>
</header>
<metadata>
<record xmlns="http://www.loc.gov/MARC21/slim" xmlns:xsi="http://www.w3.org/2001/XMLSchema-instance" xsi:schemaLocation="http://www.loc.gov/MARC21/slim http://www.loc.gov/standards/marcxml/schema/MARC21slim.xsd">
<leader>     nmb a2200000Iu 4500</leader>
<controlfield tag="008">"080609 2008                        eng  "</controlfield>
<datafield tag="022" ind1="#" ind2="#">
<subfield code="$a">2317-0190</subfield>
</datafield>
<datafield tag="022" ind1="#" ind2="#">
<subfield code="$a">0104-7795</subfield>
</datafield>
<datafield tag="042" ind1=" " ind2=" ">
<subfield code="a">dc</subfield>
</datafield>
<datafield tag="245" ind1="0" ind2="0">
<subfield code="a">Disfagia no AVE agudo: revisão sistemática sobre métodos de avaliação</subfield>
</datafield>  <datafield tag="720" ind1="1" ind2=" ">
<subfield code="a">Marques, Charles Henrique Dias</subfield>
<subfield code="u">Universidade Federal do Rio de Janeiro</subfield></datafield>
<datafield tag="720" ind1="1" ind2=" ">
<subfield code="a">André, Charles</subfield>
<subfield code="u">Universidade Federal do Rio de Janeiro</subfield></datafield>
<datafield tag="720" ind1="1" ind2=" ">
<subfield code="a">Rosso, Ana Lúcia Zuma de</subfield>
<subfield code="u">Universidade Federal do Rio de Janeiro</subfield></datafield>
<datafield tag="520" ind1=" " ind2=" ">
<subfield code="a"> Objetivo: analisar os testes clínico-funcionais para avaliação da disfagia orofaríngea em pacientes na fase aguda do AVE e rever criticamente as referências nacionais e internacionais sobre o tema. Método: revisão sistemática através dos bancos de dados: PUBMED, LILACS, SciELO, Cochrane; de textos didáticos e revisões publicadas, além das listas de referências destas várias fontes. Resultados: Existe tendência internacional pela valorização dos testes que utilizam água, em função de sua aplicação simples e boa sensibilidade para identificação de dificuldades na deglutição. Já a literatura nacional sugere, principalmente, a avaliação do desempenho do paciente com alimentos de várias consistências. Conclusões: A videofluoroscopia é aceita como método-ouro na avaliação da disfagia. Contudo, tem importantes limitações na avaliação de pacientes no estágio inicial do AVE. A videoendoscopia da deglutição, quando disponível, pode ser uma opção para estes pacientes. Existe grande variabilidade nos métodos de oferta para o paciente entre os testes clínico-funcionais. Apesar das críticas, os métodos clínico-funcionais, são amplamente utilizados com pacientes na fase aguda do AVE, não parecendo oferecer risco significativo aos pacientes. </subfield>
</datafield>
<datafield tag="260" ind1=" " ind2=" ">
<subfield code="b">Faculdade de Medicina, Universidade de São Paulo</subfield>
</datafield>
<dataField tag="260" ind1=" " ind2=" ">
<subfield code="c">2008-06-09 00:00:00</subfield>
</dataField>   <datafield tag="856" ind1=" " ind2=" ">
<subfield code="q">application/pdf</subfield>
</datafield>
<datafield tag="856" ind1="4" ind2="0">
<subfield code="u">https://www.revistas.usp.br/actafisiatrica/article/view/102922</subfield>
</datafield>  <datafield tag="786" ind1="0" ind2=" ">
<subfield code="n">Acta Fisiátrica; v. 15 n. 2 (2008)</subfield>
</datafield>  <datafield tag="546" ind1=" " ind2=" ">
<subfield code="a">por</subfield>
</datafield>   <datafield tag="540" ind1=" " ind2=" ">
<subfield code="a">Copyright (c) 2008 Acta Fisiátrica</subfield>
</datafield>
</record>
</metadata>
</record>