
<record>
<header>
<identifier>oai:revistas.usp.br:article/102923</identifier>
<datestamp>2019-11-27T20:34:47Z</datestamp>
<setSpec>actafisiatrica:Art.+Rev.</setSpec>
<setSpec>driver</setSpec>
</header>
<metadata>
<record xmlns="http://www.loc.gov/MARC21/slim" xmlns:xsi="http://www.w3.org/2001/XMLSchema-instance" xsi:schemaLocation="http://www.loc.gov/MARC21/slim http://www.loc.gov/standards/marcxml/schema/MARC21slim.xsd">
<leader>     nmb a2200000Iu 4500</leader>
<controlfield tag="008">"080609 2008                        eng  "</controlfield>
<datafield tag="022" ind1="#" ind2="#">
<subfield code="$a">2317-0190</subfield>
</datafield>
<datafield tag="022" ind1="#" ind2="#">
<subfield code="$a">0104-7795</subfield>
</datafield>
<datafield tag="042" ind1=" " ind2=" ">
<subfield code="a">dc</subfield>
</datafield>
<datafield tag="245" ind1="0" ind2="0">
<subfield code="a">A fibra muscular e fatores que interferem no seu fenótipo</subfield>
</datafield>  <datafield tag="100" ind1="1" ind2=" ">
<subfield code="a">Boff, Sérgio Ricardo</subfield>
<subfield code="u">Faculdade de Educação Física de Sorocaba</subfield></datafield>
<datafield tag="520" ind1=" " ind2=" ">
<subfield code="a"> O grande interesse atual em tirar proveito das variações na performance humana, nos levam a busca do entendimento as adaptações fisiológicas, bioquímicas e morfológicas nos tecidos envolvidos. Os resultados obtidos através de modelos experimentais fornecem informações para melhor entender a função muscular, e com isso permitir planejar um treinamento adequado ao objetivo pretendido, tendo como base adaptações fisiológicas. A performance esportiva depende de um grande número de fatores, o tipo do músculo e os estímulos a que ele é submetido e são sem dúvida parâmetros importantes para o desempenho atlético. Para cada modalidade é ideal ter um grupo de fibras predominante adequado às características específicas da atividade. Dependendo do tipo de estímulo podemos obter um aumento de força, sendo esta adaptação uma das mais importantes para a manutenção da saúde ou a melhora do desempenho atlético. </subfield>
</datafield>
<datafield tag="260" ind1=" " ind2=" ">
<subfield code="b">Faculdade de Medicina, Universidade de São Paulo</subfield>
</datafield>
<dataField tag="260" ind1=" " ind2=" ">
<subfield code="c">2008-06-09 00:00:00</subfield>
</dataField>   <datafield tag="856" ind1=" " ind2=" ">
<subfield code="q">application/pdf</subfield>
</datafield>
<datafield tag="856" ind1="4" ind2="0">
<subfield code="u">https://www.revistas.usp.br/actafisiatrica/article/view/102923</subfield>
</datafield>  <datafield tag="786" ind1="0" ind2=" ">
<subfield code="n">Acta Fisiátrica; v. 15 n. 2 (2008)</subfield>
</datafield>  <datafield tag="546" ind1=" " ind2=" ">
<subfield code="a">por</subfield>
</datafield>   <datafield tag="540" ind1=" " ind2=" ">
<subfield code="a">Copyright (c) 2008 Acta Fisiátrica</subfield>
</datafield>
</record>
</metadata>
</record>