
<record>
<header>
<identifier>oai:revistas.usp.br:article/102924</identifier>
<datestamp>2019-11-27T20:42:03Z</datestamp>
<setSpec>actafisiatrica:Rel.+Caso</setSpec>
<setSpec>driver</setSpec>
</header>
<metadata>
<record xmlns="http://www.loc.gov/MARC21/slim" xmlns:xsi="http://www.w3.org/2001/XMLSchema-instance" xsi:schemaLocation="http://www.loc.gov/MARC21/slim http://www.loc.gov/standards/marcxml/schema/MARC21slim.xsd">
<leader>     nmb a2200000Iu 4500</leader>
<controlfield tag="008">"080609 2008                        eng  "</controlfield>
<datafield tag="022" ind1="#" ind2="#">
<subfield code="$a">2317-0190</subfield>
</datafield>
<datafield tag="022" ind1="#" ind2="#">
<subfield code="$a">0104-7795</subfield>
</datafield>
<datafield tag="042" ind1=" " ind2=" ">
<subfield code="a">dc</subfield>
</datafield>
<datafield tag="245" ind1="0" ind2="0">
<subfield code="a">Tratamento com estimulação elétrica funcional para facilitação da recuperação motora em paciente com acidente cerebrovascular subagudo</subfield>
</datafield>  <datafield tag="720" ind1="1" ind2=" ">
<subfield code="a">Plavšic, Aleksandra</subfield>
<subfield code="u">Medical Military Academy, Belgrade</subfield></datafield>
<datafield tag="720" ind1="1" ind2=" ">
<subfield code="a">Djurovic, Aleksandar</subfield>
<subfield code="u">Medical Military Academy, Belgrade</subfield></datafield>
<datafield tag="720" ind1="1" ind2=" ">
<subfield code="a">Popovic, Mirjana B.</subfield>
<subfield code="u">Faculty of Electrical Engineering and Institute for Multidisciplinary Research, Belgrade </subfield></datafield>
<datafield tag="520" ind1=" " ind2=" ">
<subfield code="a"> Objetivo: Determinar a eficácia de um protocolo de Tratamento com Estimulação Elétrica Funcional (FET) administrado a um paciente com acidente cerebrovascular subagudo.Descrição do Caso: Paciente destro, 67 anos, sexo masculino, que sofreu infarto nas regiões occipital esquerda e frontoparietal 6 meses antes de sua admissão neste estudo e que demonstrou grau elevado de motivação para recuperar plenamente a força do braço e o controle adequado dos dedos do membro superior afetado. Intervenção: Trinta minutos de FET, 5 vezes por semana durante 3 semanas (7 ½ horas no total) além da fisioterapia convencional. Principais Medidas de Avaliação de Resultados: A Escala Modificada de Ashworth (MAS), o teste de funcionalidade das extremidades dos membros superiores (UEFT), o Registro de Atividade Motora (MAL), O teste de 6 fases de Brunnstrom, a Medida de Independência Funcional (MIF). Resultados: O paciente apresentou melhora bastante significativa nas escalas quantitativas UEFT e MAL. Ele melhorou de forma específica na atividade de escrever ao obter melhor controle dos dedos e na capacidade de controlar objetos pesados. Também, observou-se o aumento da amplitude ativa de movimento (ROM) dos músculos proximais, embora a estimulação elétrica tenha sido aplicada apenas aos músculos distais. Houve uma melhora na qualidade geral da utilização do braço, conforme mensurado pela escala qualitativa MAL. Conclusões: A terapia com Estimulação Elétrica Funcional (FET) em pacientes com acidente cerebrovascular subagudo com alta motivação para tarefas específicas pode ser um método eficaz para a melhora do funcionamento e da utilização dos braços afetados. </subfield>
</datafield>
<datafield tag="260" ind1=" " ind2=" ">
<subfield code="b">Faculdade de Medicina, Universidade de São Paulo</subfield>
</datafield>
<dataField tag="260" ind1=" " ind2=" ">
<subfield code="c">2008-06-09 00:00:00</subfield>
</dataField>   <datafield tag="856" ind1=" " ind2=" ">
<subfield code="q">application/pdf</subfield>
</datafield>
<datafield tag="856" ind1="4" ind2="0">
<subfield code="u">https://www.revistas.usp.br/actafisiatrica/article/view/102924</subfield>
</datafield>  <datafield tag="786" ind1="0" ind2=" ">
<subfield code="n">Acta Fisiátrica; v. 15 n. 2 (2008)</subfield>
</datafield>  <datafield tag="546" ind1=" " ind2=" ">
<subfield code="a">por</subfield>
</datafield>   <datafield tag="540" ind1=" " ind2=" ">
<subfield code="a">Copyright (c) 2008 Acta Fisiátrica</subfield>
</datafield>
</record>
</metadata>
</record>