
<record>
<header>
<identifier>oai:revistas.usp.br:article/102925</identifier>
<datestamp>2019-11-27T20:50:40Z</datestamp>
<setSpec>actafisiatrica:Rel.+Caso</setSpec>
<setSpec>driver</setSpec>
</header>
<metadata>
<record xmlns="http://www.loc.gov/MARC21/slim" xmlns:xsi="http://www.w3.org/2001/XMLSchema-instance" xsi:schemaLocation="http://www.loc.gov/MARC21/slim http://www.loc.gov/standards/marcxml/schema/MARC21slim.xsd">
<leader>     nmb a2200000Iu 4500</leader>
<controlfield tag="008">"080609 2008                        eng  "</controlfield>
<datafield tag="022" ind1="#" ind2="#">
<subfield code="$a">2317-0190</subfield>
</datafield>
<datafield tag="022" ind1="#" ind2="#">
<subfield code="$a">0104-7795</subfield>
</datafield>
<datafield tag="042" ind1=" " ind2=" ">
<subfield code="a">dc</subfield>
</datafield>
<datafield tag="245" ind1="0" ind2="0">
<subfield code="a">O uso da terapia por ondas de choques radiais no ombro doloroso por subluxação após um acidente vascular cerebral: série de casos</subfield>
</datafield>  <datafield tag="720" ind1="1" ind2=" ">
<subfield code="a">Batista, Marcio Miranda</subfield>
<subfield code="u">Universidade Federal de São Paulo</subfield></datafield>
<datafield tag="720" ind1="1" ind2=" ">
<subfield code="a">Caraviello, Eliana Zeraib</subfield>
<subfield code="u">Universidade Federal de São Paulo</subfield></datafield>
<datafield tag="720" ind1="1" ind2=" ">
<subfield code="a">Piccoloto, Paula</subfield>
<subfield code="u">Universidade Federal de São Paulo</subfield></datafield>
<datafield tag="720" ind1="1" ind2=" ">
<subfield code="a">Ferreira, Milene Silva</subfield>
<subfield code="u">Universidade Federal de São Paulo</subfield></datafield>
<datafield tag="720" ind1="1" ind2=" ">
<subfield code="a">Masiero, Danilo</subfield>
<subfield code="u">Universidade Federal de São Paulo</subfield></datafield>
<datafield tag="720" ind1="1" ind2=" ">
<subfield code="a">Chamlian, Therezinha Rosane</subfield>
<subfield code="u">Universidade Federal de São Paulo</subfield></datafield>
<datafield tag="520" ind1=" " ind2=" ">
<subfield code="a"> Uma das principais causas de ombro doloroso após o acidente vascular cerebral (AVC) parece ser o tracionameneto das estruturas periarticulares devido à luxação ou subluxação, o que acarreta um processo inflamatório crônico nestas estruturas. A terapia por ondas de choque radiais (TOC radias) vem se mostrando um importante recurso para tratar dores crônicas, que falharam ao tratamento convencional. Este estudo teve por objetivo avaliar o efeito das TOC radias no ombro doloroso por subluxação após AVC. Participaram do estudo nove pacientes hemiparéticos com dor no ombro associada a subluxação, sem sucesso ao tratamento conservador por pelo menos seis meses.Os pacientes receberam três aplicações da TOC radiais (2000 pulsos, com freqüência de 6 Hz), com intervalos de duas semanas. Um paciente foi excluído do estudo por ter sido submetido a bloqueio químico durante o tratamento. Os oito restantes tiveram alívio considerável da dor (entre 100% e 34%, segundo a escala visual analógica) que se manteve até um mês após o final do tratamento. Houve associação do alívio da dor com melhora da mobilidade ativa, amplitude articular, sono e redução do uso de medicamentos analgésicos. Não foram descritos efeitos colaterais de qualquer natureza. Os autores concluem que as TOC radiais podem ser um recurso efetivo para o controle da dor no ombro de pacientes hemiplégicos, além de lançar mais evidências no esclarecimento da possível etiologia inflamatória da dor no ombro desses pacientes. </subfield>
</datafield>
<datafield tag="260" ind1=" " ind2=" ">
<subfield code="b">Faculdade de Medicina, Universidade de São Paulo</subfield>
</datafield>
<dataField tag="260" ind1=" " ind2=" ">
<subfield code="c">2008-06-09 00:00:00</subfield>
</dataField>   <datafield tag="856" ind1=" " ind2=" ">
<subfield code="q">application/pdf</subfield>
</datafield>
<datafield tag="856" ind1="4" ind2="0">
<subfield code="u">https://www.revistas.usp.br/actafisiatrica/article/view/102925</subfield>
</datafield>  <datafield tag="786" ind1="0" ind2=" ">
<subfield code="n">Acta Fisiátrica; v. 15 n. 2 (2008)</subfield>
</datafield>  <datafield tag="546" ind1=" " ind2=" ">
<subfield code="a">por</subfield>
</datafield>   <datafield tag="540" ind1=" " ind2=" ">
<subfield code="a">Copyright (c) 2008 Acta Fisiátrica</subfield>
</datafield>
</record>
</metadata>
</record>