
<record>
<header>
<identifier>oai:revistas.usp.br:article/102926</identifier>
<datestamp>2019-11-27T20:56:13Z</datestamp>
<setSpec>actafisiatrica:Cart.+Editor</setSpec>
<setSpec>driver</setSpec>
</header>
<metadata>
<record xmlns="http://www.loc.gov/MARC21/slim" xmlns:xsi="http://www.w3.org/2001/XMLSchema-instance" xsi:schemaLocation="http://www.loc.gov/MARC21/slim http://www.loc.gov/standards/marcxml/schema/MARC21slim.xsd">
<leader>     nmb a2200000Iu 4500</leader>
<controlfield tag="008">"080609 2008                        eng  "</controlfield>
<datafield tag="022" ind1="#" ind2="#">
<subfield code="$a">2317-0190</subfield>
</datafield>
<datafield tag="022" ind1="#" ind2="#">
<subfield code="$a">0104-7795</subfield>
</datafield>
<datafield tag="042" ind1=" " ind2=" ">
<subfield code="a">dc</subfield>
</datafield>
<datafield tag="245" ind1="0" ind2="0">
<subfield code="a">Efeito da música e de exercícios físicos num grupo de pessoas reumáticas: estudo piloto</subfield>
</datafield>  <datafield tag="720" ind1="1" ind2=" ">
<subfield code="a">Noordhoek, Johanna</subfield>
<subfield code="u">Universidade Federal de Minas Gerais</subfield></datafield>
<datafield tag="720" ind1="1" ind2=" ">
<subfield code="a">Jokl, Lieselotte</subfield>
<subfield code="u">Universidade Federal de Minas Gerais</subfield></datafield>
<datafield tag="520" ind1=" " ind2=" ">
<subfield code="a"> A associação de terapias com música e exercícios físicos foi estudada com um grupo de indivíduos reumáticos (n = 17). Em cada sessão das terapias conjugadas, o participante era entrevistado quanto ao seu estado físico (sensação de dor e facilidade de se movimentar) e emocional. De modo geral, após 8 sessões, os participantes melhoraram nos aspectos avaliados. Considerou-se que a interação dessas áreas terapêuticas não só é possível, mas sobretudo, positiva. Desta forma, foram abertas perspectivas no campo terapêutico, principalmente, pela dimensão existencial que o processo alcança, uma vez que interfere, ao mesmo tempo, nos aspectos emocional, físico e social das pessoas reumáticas. </subfield>
</datafield>
<datafield tag="260" ind1=" " ind2=" ">
<subfield code="b">Faculdade de Medicina, Universidade de São Paulo</subfield>
</datafield>
<dataField tag="260" ind1=" " ind2=" ">
<subfield code="c">2008-06-09 00:00:00</subfield>
</dataField>   <datafield tag="856" ind1=" " ind2=" ">
<subfield code="q">application/pdf</subfield>
</datafield>
<datafield tag="856" ind1="4" ind2="0">
<subfield code="u">https://www.revistas.usp.br/actafisiatrica/article/view/102926</subfield>
</datafield>  <datafield tag="786" ind1="0" ind2=" ">
<subfield code="n">Acta Fisiátrica; v. 15 n. 2 (2008)</subfield>
</datafield>  <datafield tag="546" ind1=" " ind2=" ">
<subfield code="a">por</subfield>
</datafield>   <datafield tag="540" ind1=" " ind2=" ">
<subfield code="a">Copyright (c) 2008 Acta Fisiátrica</subfield>
</datafield>
</record>
</metadata>
</record>