
<record>
<header>
<identifier>oai:revistas.usp.br:article/102937</identifier>
<datestamp>2019-11-27T14:01:28Z</datestamp>
<setSpec>actafisiatrica:Art.+Orig.</setSpec>
<setSpec>driver</setSpec>
</header>
<metadata>
<record xmlns="http://www.loc.gov/MARC21/slim" xmlns:xsi="http://www.w3.org/2001/XMLSchema-instance" xsi:schemaLocation="http://www.loc.gov/MARC21/slim http://www.loc.gov/standards/marcxml/schema/MARC21slim.xsd">
<leader>     nmb a2200000Iu 4500</leader>
<controlfield tag="008">"080909 2008                        eng  "</controlfield>
<datafield tag="022" ind1="#" ind2="#">
<subfield code="$a">2317-0190</subfield>
</datafield>
<datafield tag="022" ind1="#" ind2="#">
<subfield code="$a">0104-7795</subfield>
</datafield>
<datafield tag="042" ind1=" " ind2=" ">
<subfield code="a">dc</subfield>
</datafield>
<datafield tag="245" ind1="0" ind2="0">
<subfield code="a">Uso da radioterapia na ossificação heterotópica imatura em pacientes com lesão medular</subfield>
</datafield>  <datafield tag="720" ind1="1" ind2=" ">
<subfield code="a">Taricco, Luciana Delboni</subfield>
<subfield code="u">Associação de Assistência à Criança Deficiente</subfield></datafield>
<datafield tag="720" ind1="1" ind2=" ">
<subfield code="a">Araujo, Isolda Ferreira de</subfield>
<subfield code="u">Associação de Assistência à Criança Deficiente</subfield></datafield>
<datafield tag="720" ind1="1" ind2=" ">
<subfield code="a">Juliano, Yara</subfield>
<subfield code="u">Associação de Assistência à Criança Deficiente</subfield></datafield>
<datafield tag="720" ind1="1" ind2=" ">
<subfield code="a">Ares, Marcelo de Jesus Justino</subfield>
<subfield code="u">Associação de Assistência à Criança Deficiente</subfield></datafield>
<datafield tag="720" ind1="1" ind2=" ">
<subfield code="a">Cristante, Adriana Rosa Lovisotto</subfield>
<subfield code="u">Associação de Assistência à Criança Deficiente</subfield></datafield>
<datafield tag="520" ind1=" " ind2=" ">
<subfield code="a"> The incidence of heterotopic ossification (HO) in adult patients with spinal cord injuries is roughly 20%. HO usually has a benign development, but can reduce the range of joint motion and hinder the rehabilitation process. Few studies have shown the use of radiotherapy in the treatment of HO in patients with spinal cord injuries. The objective of this study is to assess whether immature heterotopic ossification progresses in patients with spinal cord injuries submitted to radiotherapy as the primary treatment. The medical records of patients attending the spinal cord injury clinic of AACD (Associação de Assistência à Criança Deficiente) with immature HO and who were treated exclusively with radiotherapy were selected. This is a historical cohort-type study. Ossification progress was determined by analysis of the range of motion of the affected joint, measurements with a goniometer and radiographic image. Ossification was classified according to the classification proposed by Brooker et al. The study follow-up period was 23.3 months. Fourteen of the 15 studied joints did not worsen clinically, nor did the HO progress. None of the patients had side effects from radiotherapy. We conclude that patients treated early with radiotherapy do not present significant HO development and that radiotherapy is a safe and easy-to-use method. </subfield>
</datafield>
<datafield tag="260" ind1=" " ind2=" ">
<subfield code="b">Faculdade de Medicina, Universidade de São Paulo</subfield>
</datafield>
<dataField tag="260" ind1=" " ind2=" ">
<subfield code="c">2008-09-09 00:00:00</subfield>
</dataField>   <datafield tag="856" ind1=" " ind2=" ">
<subfield code="q">application/pdf</subfield>
</datafield>
<datafield tag="856" ind1=" " ind2=" ">
<subfield code="q">application/pdf</subfield>
</datafield>
<datafield tag="856" ind1="4" ind2="0">
<subfield code="u">https://www.revistas.usp.br/actafisiatrica/article/view/102937</subfield>
</datafield>  <datafield tag="786" ind1="0" ind2=" ">
<subfield code="n">Acta Fisiátrica; v. 15 n. 3 (2008)</subfield>
</datafield>  <datafield tag="546" ind1=" " ind2=" ">
<subfield code="a">eng</subfield>
</datafield>   <datafield tag="540" ind1=" " ind2=" ">
<subfield code="a">Copyright (c) 2008 Acta Fisiátrica</subfield>
</datafield>
</record>
</metadata>
</record>