
<record>
<header>
<identifier>oai:revistas.usp.br:article/102939</identifier>
<datestamp>2019-11-27T16:03:07Z</datestamp>
<setSpec>actafisiatrica:Art.+Orig.</setSpec>
<setSpec>driver</setSpec>
</header>
<metadata>
<record xmlns="http://www.loc.gov/MARC21/slim" xmlns:xsi="http://www.w3.org/2001/XMLSchema-instance" xsi:schemaLocation="http://www.loc.gov/MARC21/slim http://www.loc.gov/standards/marcxml/schema/MARC21slim.xsd">
<leader>     nmb a2200000Iu 4500</leader>
<controlfield tag="008">"080909 2008                        eng  "</controlfield>
<datafield tag="022" ind1="#" ind2="#">
<subfield code="$a">2317-0190</subfield>
</datafield>
<datafield tag="022" ind1="#" ind2="#">
<subfield code="$a">0104-7795</subfield>
</datafield>
<datafield tag="042" ind1=" " ind2=" ">
<subfield code="a">dc</subfield>
</datafield>
<datafield tag="245" ind1="0" ind2="0">
<subfield code="a">Equilíbrio corporal e exercícios físicos: uma investigação com mulheres idosas praticantes de diferentes modalidades</subfield>
</datafield>  <datafield tag="720" ind1="1" ind2=" ">
<subfield code="a">Teixeira, Clarissa Stefani</subfield>
<subfield code="u">Universidade Federal de Santa Catarina</subfield></datafield>
<datafield tag="720" ind1="1" ind2=" ">
<subfield code="a">Lemos, Luiz Fernando Cuozzo</subfield>
<subfield code="u">Universidade Federal de Santa Maria</subfield></datafield>
<datafield tag="720" ind1="1" ind2=" ">
<subfield code="a">Lopes, Luis Felipe Dias</subfield>
<subfield code="u">Universidade Federal de Santa Maria</subfield></datafield>
<datafield tag="720" ind1="1" ind2=" ">
<subfield code="a">Rossi, Angela Garcia</subfield>
<subfield code="u">Universidade Federal de Santa Maria</subfield></datafield>
<datafield tag="720" ind1="1" ind2=" ">
<subfield code="a">Mota, Carlos Bolli</subfield>
<subfield code="u">Universidade Federal de Santa Maria</subfield></datafield>
<datafield tag="520" ind1=" " ind2=" ">
<subfield code="a"> Life expectancy has been progressively increasing, which implies in an increase in the number of elderly individuals. As a consequence, several types of physical activities are offered to this population, aiming at improving some physical qualities. One of those qualities is corporal balance, which has been largely studied due to its association with many diseases that can affect the elderly. Thus, this study compared a group of elderly women that regularly practiced hydrogymnastics with sedentary ones. Fifty-one (51) elderly women with a mean age of 63.26 ± 9.63 years participated in the study group. Balance was evaluated through kinetic assessment, using an AMTI OR6-5 force platform (Advanced Mechanical Technologies, Inc.) at a frequency of 100 Hz. The analyzed variables were the amplitude of the force center displacement and the mean force center displacement in the anteroposterior and midlateral directions. The statistic analysis used the descriptive statistics, the Shapiro-Wilk’s test and the Kruskal-Wallis test with a level of significance of 5%. The results showed statistically significant differences in the midlateral direction, both in range and the mean force center displacement between the groups. Thus, it is possible to conclude that there were differences regarding the balance in the midlateral direction and less instability was observed in the group of elderly women that practiced physical exercises. </subfield>
</datafield>
<datafield tag="260" ind1=" " ind2=" ">
<subfield code="b">Faculdade de Medicina, Universidade de São Paulo</subfield>
</datafield>
<dataField tag="260" ind1=" " ind2=" ">
<subfield code="c">2008-09-09 00:00:00</subfield>
</dataField>   <datafield tag="856" ind1=" " ind2=" ">
<subfield code="q">application/pdf</subfield>
</datafield>
<datafield tag="856" ind1=" " ind2=" ">
<subfield code="q">application/pdf</subfield>
</datafield>
<datafield tag="856" ind1="4" ind2="0">
<subfield code="u">https://www.revistas.usp.br/actafisiatrica/article/view/102939</subfield>
</datafield>  <datafield tag="786" ind1="0" ind2=" ">
<subfield code="n">Acta Fisiátrica; v. 15 n. 3 (2008)</subfield>
</datafield>  <datafield tag="546" ind1=" " ind2=" ">
<subfield code="a">eng</subfield>
</datafield>   <datafield tag="540" ind1=" " ind2=" ">
<subfield code="a">Copyright (c) 2008 Acta Fisiátrica</subfield>
</datafield>
</record>
</metadata>
</record>