
<record>
<header>
<identifier>oai:revistas.usp.br:article/102942</identifier>
<datestamp>2019-11-27T16:16:20Z</datestamp>
<setSpec>actafisiatrica:Art.+Orig.</setSpec>
<setSpec>driver</setSpec>
</header>
<metadata>
<record xmlns="http://www.loc.gov/MARC21/slim" xmlns:xsi="http://www.w3.org/2001/XMLSchema-instance" xsi:schemaLocation="http://www.loc.gov/MARC21/slim http://www.loc.gov/standards/marcxml/schema/MARC21slim.xsd">
<leader>     nmb a2200000Iu 4500</leader>
<controlfield tag="008">"080909 2008                        eng  "</controlfield>
<datafield tag="022" ind1="#" ind2="#">
<subfield code="$a">2317-0190</subfield>
</datafield>
<datafield tag="022" ind1="#" ind2="#">
<subfield code="$a">0104-7795</subfield>
</datafield>
<datafield tag="042" ind1=" " ind2=" ">
<subfield code="a">dc</subfield>
</datafield>
<datafield tag="245" ind1="0" ind2="0">
<subfield code="a">Escalas de controle de tronco como prognóstico funcional em pacientes após acidente vascular encefálico</subfield>
</datafield>  <datafield tag="720" ind1="1" ind2=" ">
<subfield code="a">Aguiar, Paula Teixeira de</subfield>
</datafield>
<datafield tag="720" ind1="1" ind2=" ">
<subfield code="a">Rocha, Talitha Nery</subfield>
</datafield>
<datafield tag="720" ind1="1" ind2=" ">
<subfield code="a">Oliveira, Elisandra Silva de</subfield>
<subfield code="u">Universidade Católica de Salvador</subfield></datafield>
<datafield tag="520" ind1=" " ind2=" ">
<subfield code="a"> According to the World Health Organization (WHO), stroke is considered a syndrome with a rapid development of clinical signs of focal or global disturbance of cerebral function, of which origin is possibly vascular and lasting more than 24 hours. In addition to deficits in limb movement, gait, and language, the stroke may also cause impaired control of trunk mobility, which is an important issue. Therefore, the aim of this literature review was to identify, through the use of scales, the association between trunk control impairment and functional disability in hemiparetic patients after a stroke. A literature review was carried out and eight clinical, longitudinal and descriptive articles were selected. All the studies showed a prognostic association between trunk control and functional abilities. Trunk Control Test (TCT), Trunk control items of the Postural Assessment Scale for Stroke Patients (PASS-TC) and Trunk Impairment Scale (TIS) (Fujiwara and Verheyden) were used in the assessments. It was concluded that the clinical evaluation of trunk control, through the use of scales, is an important tool for the prognosis of the functional capacity of hemiparetic patients after a stroke and for the planning of a specific and differentiated treatment of these patients. However, there few studies proved this association, as different scales were used and there was no consensus among authors. Additionally, there is no agreement on the data regarding the evaluation of balance and gait. </subfield>
</datafield>
<datafield tag="260" ind1=" " ind2=" ">
<subfield code="b">Faculdade de Medicina, Universidade de São Paulo</subfield>
</datafield>
<dataField tag="260" ind1=" " ind2=" ">
<subfield code="c">2008-09-09 00:00:00</subfield>
</dataField>   <datafield tag="856" ind1=" " ind2=" ">
<subfield code="q">application/pdf</subfield>
</datafield>
<datafield tag="856" ind1=" " ind2=" ">
<subfield code="q">application/pdf</subfield>
</datafield>
<datafield tag="856" ind1="4" ind2="0">
<subfield code="u">https://www.revistas.usp.br/actafisiatrica/article/view/102942</subfield>
</datafield>  <datafield tag="786" ind1="0" ind2=" ">
<subfield code="n">Acta Fisiátrica; v. 15 n. 3 (2008)</subfield>
</datafield>  <datafield tag="546" ind1=" " ind2=" ">
<subfield code="a">eng</subfield>
</datafield>   <datafield tag="540" ind1=" " ind2=" ">
<subfield code="a">Copyright (c) 2008 Acta Fisiátrica</subfield>
</datafield>
</record>
</metadata>
</record>