
<record>
<header>
<identifier>oai:revistas.usp.br:article/102943</identifier>
<datestamp>2019-11-27T16:23:08Z</datestamp>
<setSpec>actafisiatrica:Art.+Orig.</setSpec>
<setSpec>driver</setSpec>
</header>
<metadata>
<record xmlns="http://www.loc.gov/MARC21/slim" xmlns:xsi="http://www.w3.org/2001/XMLSchema-instance" xsi:schemaLocation="http://www.loc.gov/MARC21/slim http://www.loc.gov/standards/marcxml/schema/MARC21slim.xsd">
<leader>     nmb a2200000Iu 4500</leader>
<controlfield tag="008">"080909 2008                        eng  "</controlfield>
<datafield tag="022" ind1="#" ind2="#">
<subfield code="$a">2317-0190</subfield>
</datafield>
<datafield tag="022" ind1="#" ind2="#">
<subfield code="$a">0104-7795</subfield>
</datafield>
<datafield tag="042" ind1=" " ind2=" ">
<subfield code="a">dc</subfield>
</datafield>
<datafield tag="245" ind1="0" ind2="0">
<subfield code="a">Efeitos da reabilitação pulmonar sobre a qualidade de vida: uma visão das crianças asmáticas e de seus pais</subfield>
</datafield>  <datafield tag="720" ind1="1" ind2=" ">
<subfield code="a">Rezende, Ivana Mara Oliveira</subfield>
<subfield code="u">Centro Universitário de Belo Horizonte</subfield></datafield>
<datafield tag="720" ind1="1" ind2=" ">
<subfield code="a">Moura, Ana Luisa Dália</subfield>
</datafield>
<datafield tag="720" ind1="1" ind2=" ">
<subfield code="a">Costa, Bibiana Carolina</subfield>
</datafield>
<datafield tag="720" ind1="1" ind2=" ">
<subfield code="a">Faria, Juliana Machado de</subfield>
</datafield>
<datafield tag="720" ind1="1" ind2=" ">
<subfield code="a">Almeida, Crisciane</subfield>
</datafield>
<datafield tag="720" ind1="1" ind2=" ">
<subfield code="a">Bolina, Ingrid de Castro</subfield>
<subfield code="u">Centro Universitário de Belo Horizonte</subfield></datafield>
<datafield tag="720" ind1="1" ind2=" ">
<subfield code="a">Coelho, Cristiane Cenachi</subfield>
<subfield code="u">Centro Universitário de Belo Horizonte</subfield></datafield>
<datafield tag="520" ind1=" " ind2=" ">
<subfield code="a"> The assessment of quality of life in asthmatic children and adolescents is important, as severe asthma, or its uncontrolled symptoms, prevents the participation of these individuals in sports activities, disturbs sleep and, consequently, the regular school performance. However, the disease does not have an impact only on the patients, but it also affects the quality of life of their parents. Objective: To evaluate the quality of life of asthmatic children and the perception of their parents/tutors regarding their children’s quality of life before and after a Pulmonary Rehabilitation Program (PRP). Patients and Methods: 5 male children, with a mean age of 8.16 ±1.83 years, were studied and 6 parents/tutors, before and after a 24-session PRP. All the children had a clinical diagnosis of mild and moderate asthma. The Pediatric Asthma Quality of Life Questionnaire was applied to the children, whereas a second and specific questionnaire was applied to the parents. The absolute scores of the questionnaires before and after the PRP were compared by Wilcoxon’s test with p&lt;0.05. Results: There was no significant difference in the comparison of the results of the children’s questionnaire, before and after PRP. However, absolute improvement was verified in the majority of the questions in both questionnaires. Conclusion: The quality of life questionnaires applied to the asthmatic children and their parents did not detect any significant variation regarding the analyzed questions. However, the absolute variations in several items, involving the two instruments, suggest a clinical improvement in the quality of life shown by both questionnaires. </subfield>
</datafield>
<datafield tag="260" ind1=" " ind2=" ">
<subfield code="b">Faculdade de Medicina, Universidade de São Paulo</subfield>
</datafield>
<dataField tag="260" ind1=" " ind2=" ">
<subfield code="c">2008-09-09 00:00:00</subfield>
</dataField>   <datafield tag="856" ind1=" " ind2=" ">
<subfield code="q">application/pdf</subfield>
</datafield>
<datafield tag="856" ind1=" " ind2=" ">
<subfield code="q">application/pdf</subfield>
</datafield>
<datafield tag="856" ind1="4" ind2="0">
<subfield code="u">https://www.revistas.usp.br/actafisiatrica/article/view/102943</subfield>
</datafield>  <datafield tag="786" ind1="0" ind2=" ">
<subfield code="n">Acta Fisiátrica; v. 15 n. 3 (2008)</subfield>
</datafield>  <datafield tag="546" ind1=" " ind2=" ">
<subfield code="a">eng</subfield>
</datafield>   <datafield tag="540" ind1=" " ind2=" ">
<subfield code="a">Copyright (c) 2008 Acta Fisiátrica</subfield>
</datafield>
</record>
</metadata>
</record>