
<record>
<header>
<identifier>oai:revistas.usp.br:article/102944</identifier>
<datestamp>2019-11-27T16:28:35Z</datestamp>
<setSpec>actafisiatrica:Art.+Orig.</setSpec>
<setSpec>driver</setSpec>
</header>
<metadata>
<record xmlns="http://www.loc.gov/MARC21/slim" xmlns:xsi="http://www.w3.org/2001/XMLSchema-instance" xsi:schemaLocation="http://www.loc.gov/MARC21/slim http://www.loc.gov/standards/marcxml/schema/MARC21slim.xsd">
<leader>     nmb a2200000Iu 4500</leader>
<controlfield tag="008">"080909 2008                        eng  "</controlfield>
<datafield tag="022" ind1="#" ind2="#">
<subfield code="$a">2317-0190</subfield>
</datafield>
<datafield tag="022" ind1="#" ind2="#">
<subfield code="$a">0104-7795</subfield>
</datafield>
<datafield tag="042" ind1=" " ind2=" ">
<subfield code="a">dc</subfield>
</datafield>
<datafield tag="245" ind1="0" ind2="0">
<subfield code="a">Prevalência de queixas urinárias e o impacto destas na qualidade de vida de mulheres integrantes de grupos de atividade física</subfield>
</datafield>  <datafield tag="720" ind1="1" ind2=" ">
<subfield code="a">Mourão, Flávio Afonso Gonçalves</subfield>
</datafield>
<datafield tag="720" ind1="1" ind2=" ">
<subfield code="a">Lopes, Luciana Napoleão</subfield>
<subfield code="u">Centro Universitário de Belo Horizonte</subfield></datafield>
<datafield tag="720" ind1="1" ind2=" ">
<subfield code="a">Vasconcellos, Natália de Paula Carneiro</subfield>
<subfield code="u">Centro Universitário de Belo Horizonte</subfield></datafield>
<datafield tag="720" ind1="1" ind2=" ">
<subfield code="a">Almeida, Maria Beatriz Alvarenga de</subfield>
<subfield code="u">Centro Universitário de Belo Horizonte</subfield></datafield>
<datafield tag="520" ind1=" " ind2=" ">
<subfield code="a"> The International Continence Society defines urinary incontinence as any loss of urine reported by the patient. This is a condition that affects the world’s population, mainly the female sex, leading to several implications. The purpose of this study was to assess the prevalence of urinary complaints and their impact on the quality of life of women that participate in physical activity groups. Methods: A total of 50 women, aged 40 years and older that participated in physical activity groups, participated in the study carried out by Physical Therapy Department of a Basic Health Unit in Belo Horizonte, Minas Gerais, Brazil. The volunteers were submitted to urogynecological anamnesis and the ones that had presented urinary complaints in the recent months answered the “King’s Health Questionnaire” to have quality of life evaluated. Results: The prevalence of women with urinary complaints was 42%. The most predominant symptoms were: urgency (95.24%), frequency (90.48%), stress incontinence (85.71%) and nocturia (80.95%). Regarding the intensity, the urge-incontinence (49) and urgency (46) symptoms had the highest rates. According to the analysis of the domains, the impact of incontinence (53.96 ± 26.83) is striking when compared with the other results, followed by the measure of severity domain (43.78 ± 23.01). Conclusion: The studied population had a high prevalence of urinary complaints and their impact on the quality of life does not rule out the negative influence of the pathological picture. </subfield>
</datafield>
<datafield tag="260" ind1=" " ind2=" ">
<subfield code="b">Faculdade de Medicina, Universidade de São Paulo</subfield>
</datafield>
<dataField tag="260" ind1=" " ind2=" ">
<subfield code="c">2008-09-09 00:00:00</subfield>
</dataField>   <datafield tag="856" ind1=" " ind2=" ">
<subfield code="q">application/pdf</subfield>
</datafield>
<datafield tag="856" ind1=" " ind2=" ">
<subfield code="q">application/pdf</subfield>
</datafield>
<datafield tag="856" ind1="4" ind2="0">
<subfield code="u">https://www.revistas.usp.br/actafisiatrica/article/view/102944</subfield>
</datafield>  <datafield tag="786" ind1="0" ind2=" ">
<subfield code="n">Acta Fisiátrica; v. 15 n. 3 (2008)</subfield>
</datafield>  <datafield tag="546" ind1=" " ind2=" ">
<subfield code="a">eng</subfield>
</datafield>   <datafield tag="540" ind1=" " ind2=" ">
<subfield code="a">Copyright (c) 2008 Acta Fisiátrica</subfield>
</datafield>
</record>
</metadata>
</record>