
<record>
<header>
<identifier>oai:revistas.usp.br:article/102946</identifier>
<datestamp>2019-11-27T16:34:47Z</datestamp>
<setSpec>actafisiatrica:Art.+Rev.</setSpec>
<setSpec>driver</setSpec>
</header>
<metadata>
<record xmlns="http://www.loc.gov/MARC21/slim" xmlns:xsi="http://www.w3.org/2001/XMLSchema-instance" xsi:schemaLocation="http://www.loc.gov/MARC21/slim http://www.loc.gov/standards/marcxml/schema/MARC21slim.xsd">
<leader>     nmb a2200000Iu 4500</leader>
<controlfield tag="008">"080909 2008                        eng  "</controlfield>
<datafield tag="022" ind1="#" ind2="#">
<subfield code="$a">2317-0190</subfield>
</datafield>
<datafield tag="022" ind1="#" ind2="#">
<subfield code="$a">0104-7795</subfield>
</datafield>
<datafield tag="042" ind1=" " ind2=" ">
<subfield code="a">dc</subfield>
</datafield>
<datafield tag="245" ind1="0" ind2="0">
<subfield code="a">Reprodutibilidade, validade e responsividade da escala de Medida de Independência Funcional (MIF) na lesão medular: revisão da literatura</subfield>
</datafield>  <datafield tag="720" ind1="1" ind2=" ">
<subfield code="a">Barbetta, Daniela de Campos</subfield>
<subfield code="u">Hospital Sarah</subfield></datafield>
<datafield tag="720" ind1="1" ind2=" ">
<subfield code="a">Assis, Marcos Renato de</subfield>
<subfield code="u">Hospital Sarah</subfield></datafield>
<datafield tag="520" ind1=" " ind2=" ">
<subfield code="a"> The Functional Independence Measures scale is one of the most frequently used tools for the assessment of functional capacity of individuals with spinal cord injuries. Measurements of the functional outcome in these individuals are essential in the rehabilitation process. This study aimed at reviewing the scientific literature regarding the reliability, validity and responsiveness of FIM in individuals with spinal cord injuries. The results showed good internal consistence, inter-rater reliability, validity and responsiveness, except for the assessment of the cognitive dimension and the locomotor domain. </subfield>
</datafield>
<datafield tag="260" ind1=" " ind2=" ">
<subfield code="b">Faculdade de Medicina, Universidade de São Paulo</subfield>
</datafield>
<dataField tag="260" ind1=" " ind2=" ">
<subfield code="c">2008-09-09 00:00:00</subfield>
</dataField>   <datafield tag="856" ind1=" " ind2=" ">
<subfield code="q">application/pdf</subfield>
</datafield>
<datafield tag="856" ind1=" " ind2=" ">
<subfield code="q">application/pdf</subfield>
</datafield>
<datafield tag="856" ind1="4" ind2="0">
<subfield code="u">https://www.revistas.usp.br/actafisiatrica/article/view/102946</subfield>
</datafield>  <datafield tag="786" ind1="0" ind2=" ">
<subfield code="n">Acta Fisiátrica; v. 15 n. 3 (2008)</subfield>
</datafield>  <datafield tag="546" ind1=" " ind2=" ">
<subfield code="a">eng</subfield>
</datafield>   <datafield tag="540" ind1=" " ind2=" ">
<subfield code="a">Copyright (c) 2008 Acta Fisiátrica</subfield>
</datafield>
</record>
</metadata>
</record>