
<record>
<header>
<identifier>oai:revistas.usp.br:article/102950</identifier>
<datestamp>2019-11-27T16:52:10Z</datestamp>
<setSpec>actafisiatrica:Art.+Rev.</setSpec>
<setSpec>driver</setSpec>
</header>
<metadata>
<record xmlns="http://www.loc.gov/MARC21/slim" xmlns:xsi="http://www.w3.org/2001/XMLSchema-instance" xsi:schemaLocation="http://www.loc.gov/MARC21/slim http://www.loc.gov/standards/marcxml/schema/MARC21slim.xsd">
<leader>     nmb a2200000Iu 4500</leader>
<controlfield tag="008">"080909 2008                        eng  "</controlfield>
<datafield tag="022" ind1="#" ind2="#">
<subfield code="$a">2317-0190</subfield>
</datafield>
<datafield tag="022" ind1="#" ind2="#">
<subfield code="$a">0104-7795</subfield>
</datafield>
<datafield tag="042" ind1=" " ind2=" ">
<subfield code="a">dc</subfield>
</datafield>
<datafield tag="245" ind1="0" ind2="0">
<subfield code="a">Benefícios do condicionamento físico como tratamento da claudicação intermitente</subfield>
</datafield>  <datafield tag="720" ind1="1" ind2=" ">
<subfield code="a">Barbosa, Érica Carvalho</subfield>
<subfield code="u">Pontifícia Universidade Católica de Minas Gerais</subfield></datafield>
<datafield tag="720" ind1="1" ind2=" ">
<subfield code="a">Dalle, Rafael Diniz Mascarenhas</subfield>
<subfield code="u">Pontifícia Universidade Católica de Minas Gerais</subfield></datafield>
<datafield tag="520" ind1=" " ind2=" ">
<subfield code="a"> Intermittent Claudication (IC) is a pathognomonic symptom of obstructive peripheral arterial disease, characterized by muscle pain during physical exercise that ceases at rest. IC has a potentially benign nature, due to the low risk of progression to severe ischemia and limb loss, as well as a good chance of symptom improvement. Thus, the clinical treatment is considered appropriate and usually employed as the first therapeutic alternative; the treatment should be based on the control of the modifiable risk factors of arteriosclerosis, especially the habit of smoking. Treatment consists of the association of a pharmacological treatment and a non-pharmacological one, and the primary non-pharmacological treatment for intermittent claudication is a formal exercise program that can be performed by the patient based only on medical guidance (without supervision) or under the supervision of a professional. The mechanism by which the patient improves claudication through physical activity is yet to be fully clarified, and several factors are attributed to symptom improvement, such as the formation of new blood vessels, release of nitric oxide and action on the lipoprotein, among others. </subfield>
</datafield>
<datafield tag="260" ind1=" " ind2=" ">
<subfield code="b">Faculdade de Medicina, Universidade de São Paulo</subfield>
</datafield>
<dataField tag="260" ind1=" " ind2=" ">
<subfield code="c">2008-09-09 00:00:00</subfield>
</dataField>   <datafield tag="856" ind1=" " ind2=" ">
<subfield code="q">application/pdf</subfield>
</datafield>
<datafield tag="856" ind1=" " ind2=" ">
<subfield code="q">application/pdf</subfield>
</datafield>
<datafield tag="856" ind1="4" ind2="0">
<subfield code="u">https://www.revistas.usp.br/actafisiatrica/article/view/102950</subfield>
</datafield>  <datafield tag="786" ind1="0" ind2=" ">
<subfield code="n">Acta Fisiátrica; v. 15 n. 3 (2008)</subfield>
</datafield>  <datafield tag="546" ind1=" " ind2=" ">
<subfield code="a">eng</subfield>
</datafield>   <datafield tag="540" ind1=" " ind2=" ">
<subfield code="a">Copyright (c) 2008 Acta Fisiátrica</subfield>
</datafield>
</record>
</metadata>
</record>