
<record>
<header>
<identifier>oai:revistas.usp.br:article/102951</identifier>
<datestamp>2019-11-27T18:58:04Z</datestamp>
<setSpec>actafisiatrica:Rel.+Caso</setSpec>
<setSpec>driver</setSpec>
</header>
<metadata>
<record xmlns="http://www.loc.gov/MARC21/slim" xmlns:xsi="http://www.w3.org/2001/XMLSchema-instance" xsi:schemaLocation="http://www.loc.gov/MARC21/slim http://www.loc.gov/standards/marcxml/schema/MARC21slim.xsd">
<leader>     nmb a2200000Iu 4500</leader>
<controlfield tag="008">"080909 2008                        eng  "</controlfield>
<datafield tag="022" ind1="#" ind2="#">
<subfield code="$a">2317-0190</subfield>
</datafield>
<datafield tag="022" ind1="#" ind2="#">
<subfield code="$a">0104-7795</subfield>
</datafield>
<datafield tag="042" ind1=" " ind2=" ">
<subfield code="a">dc</subfield>
</datafield>
<datafield tag="245" ind1="0" ind2="0">
<subfield code="a">Síndrome de Pusher após acidente vascular encefálico: relato de caso</subfield>
</datafield>  <datafield tag="720" ind1="1" ind2=" ">
<subfield code="a">Cecatto, Rebeca Boltes</subfield>
<subfield code="u">Hospital Israelita Albert Einstein</subfield></datafield>
<datafield tag="720" ind1="1" ind2=" ">
<subfield code="a">Almeida, Cristiane Isabela de</subfield>
<subfield code="u">Hospital Israelita Albert Einstein</subfield></datafield>
<datafield tag="520" ind1=" " ind2=" ">
<subfield code="a"> O termo Síndrome de Pusher refere-se a uma alteração no controle postural de pacientes portadores de hemiparesia após lesões encefálicas. Objetivos: descrever o caso de uma paciente portadora de hemiparesia após Acidente Vascular Encefálico (AVC) e sintomas clínicos sugestivos da Síndrome de Pusher promovendo uma discussão sobre a etiologia, a fisiopatologia, a evolução clínica e o prognóstico da Síndrome de Pusher em pacientes portadores de lesões encefálicas. Métodos: Este é um relato de caso retrospectivo de uma paciente do sexo feminino, de 62 anos, portadora de hemiparesia esquerda após AVCH de tálamo, com score de 13 na National Institute of Health Stroke Scale, Medida de Independência Funcional (MIF) de 56 e sinais clínicos da Síndrome de Pusher. Um programa interdisciplinar de reabilitação foi instituído ainda na fase aguda, além de um programa domiciliar de adaptações arquitetônicas e fisioterapia motora para o treino do balance, alinhamento de tronco e cinturas, postura e verticalidade. Resultados e discussão: Apenas quatro meses após o ictus, os sinais da Síndrome de Pusher haviam desaparecido e a paciente apresentava MIF de 99, apesar da manutenção da hemiparesia, da disartria, da hipofonia e do humor deprimido. Conclusão: Este relato de caso sugere que a Síndrome de Pusher isoladamente pode influenciar a evolução e o grau de independência após o AVC, retardando a alta hospitalar e os ganhos do processo de reabilitação. Mais estudos são necessários para compreendermos a fisiopatologia, a evolução e o prognóstico da Síndrome de Pusher. </subfield>
</datafield>
<datafield tag="260" ind1=" " ind2=" ">
<subfield code="b">Faculdade de Medicina, Universidade de São Paulo</subfield>
</datafield>
<dataField tag="260" ind1=" " ind2=" ">
<subfield code="c">2008-09-09 00:00:00</subfield>
</dataField>   <datafield tag="856" ind1=" " ind2=" ">
<subfield code="q">application/pdf</subfield>
</datafield>
<datafield tag="856" ind1="4" ind2="0">
<subfield code="u">https://www.revistas.usp.br/actafisiatrica/article/view/102951</subfield>
</datafield>  <datafield tag="786" ind1="0" ind2=" ">
<subfield code="n">Acta Fisiátrica; v. 15 n. 3 (2008)</subfield>
</datafield>  <datafield tag="546" ind1=" " ind2=" ">
<subfield code="a">por</subfield>
</datafield>   <datafield tag="540" ind1=" " ind2=" ">
<subfield code="a">Copyright (c) 2008 Acta Fisiátrica</subfield>
</datafield>
</record>
</metadata>
</record>