
<record>
<header>
<identifier>oai:revistas.usp.br:article/102993</identifier>
<datestamp>2019-11-26T16:25:39Z</datestamp>
<setSpec>actafisiatrica:Art.+Orig.</setSpec>
<setSpec>driver</setSpec>
</header>
<metadata>
<record xmlns="http://www.loc.gov/MARC21/slim" xmlns:xsi="http://www.w3.org/2001/XMLSchema-instance" xsi:schemaLocation="http://www.loc.gov/MARC21/slim http://www.loc.gov/standards/marcxml/schema/MARC21slim.xsd">
<leader>     nmb a2200000Iu 4500</leader>
<controlfield tag="008">"081209 2008                        eng  "</controlfield>
<datafield tag="022" ind1="#" ind2="#">
<subfield code="$a">2317-0190</subfield>
</datafield>
<datafield tag="022" ind1="#" ind2="#">
<subfield code="$a">0104-7795</subfield>
</datafield>
<datafield tag="042" ind1=" " ind2=" ">
<subfield code="a">dc</subfield>
</datafield>
<datafield tag="245" ind1="0" ind2="0">
<subfield code="a">Impacto da asma sobre a postura corporal de crianças entre 8 e 14 anos analisada pela biofotogrametria</subfield>
</datafield>  <datafield tag="720" ind1="1" ind2=" ">
<subfield code="a">Ricieri, Denise da Vinha</subfield>
<subfield code="u">Universidade Federal do Paraná</subfield></datafield>
<datafield tag="720" ind1="1" ind2=" ">
<subfield code="a">Costa, Jecilene Rosana</subfield>
<subfield code="u">Universidade Federal de São Paulo</subfield></datafield>
<datafield tag="720" ind1="1" ind2=" ">
<subfield code="a">Rosário Filho, Nelson Augusto</subfield>
<subfield code="u">Universidade Federal do Paraná</subfield><subfield code="0">https://orcid.org/0000-0002-8550-8051</subfield></datafield>
<datafield tag="520" ind1=" " ind2=" ">
<subfield code="a"> Objetivo: Comparar a postura do tronco entre asmáticos e nao-asmáticos medidos em fotogramas digitais. Método: Angulos referentes aos principais eixos posturais de nivelamentos e alinhamentos do tronco de 50 crianças entre 8 e 14 anos, nas vistas anterior e posterior, foram medidos sistematicamente no programa Corel Draw-12. Os resultados foram tratados num estudo descritivo geral, comparando gêneros/GR, e num estudo caso-controle, comparando a postura entre asmáticos/AS e nao-asmáticos/NA. Na vista anterior mediu-se o nivelamento da pelve/NP e ombros/NO, e alinhamentos do tórax/ATX e onfálico/AXO; na vista posterior foram registrados o nivelamento das escápulas/NE, e alinhamentos da coluna superior/CS e inferior/CI. Os resultados foram interpretados a partir de corolários específicos, e considerados significantes resultados para p&lt;0,05. Resultados: A constataçao estatística de uma distribuiçao normal dos registros permitiu a aplicaçao de testes paramétricos. Nao houve diferença entre gêneros (GR = p&gt;0,05), mas o perfil postural global do grupo AS mostrou-se melhor que para NA (p&lt;0,05). Conclusões: A abordagem pela Rotina Postural Biofotogramétrica/RPB mostrou-se instrumentalmente efetiva. Sugere-se uma coorte prospectiva entre sujeitos de AS para esclarecer a suspeita de que, na asma, a persistência da sobrecarga muscular e padrao respiratório vicariante perpetuam-se em compensaçoes posturais, mais evidentes numa fase mais adulta. </subfield>
</datafield>
<datafield tag="260" ind1=" " ind2=" ">
<subfield code="b">Faculdade de Medicina, Universidade de São Paulo</subfield>
</datafield>
<dataField tag="260" ind1=" " ind2=" ">
<subfield code="c">2008-12-09 00:00:00</subfield>
</dataField>   <datafield tag="856" ind1=" " ind2=" ">
<subfield code="q">application/pdf</subfield>
</datafield>
<datafield tag="856" ind1="4" ind2="0">
<subfield code="u">https://www.revistas.usp.br/actafisiatrica/article/view/102993</subfield>
</datafield>  <datafield tag="786" ind1="0" ind2=" ">
<subfield code="n">Acta Fisiátrica; v. 15 n. 4 (2008)</subfield>
</datafield>  <datafield tag="546" ind1=" " ind2=" ">
<subfield code="a">por</subfield>
</datafield>   <datafield tag="540" ind1=" " ind2=" ">
<subfield code="a">Copyright (c) 2008 Acta Fisiátrica</subfield>
</datafield>
</record>
</metadata>
</record>