
<record>
<header>
<identifier>oai:revistas.usp.br:article/102994</identifier>
<datestamp>2019-11-26T18:25:12Z</datestamp>
<setSpec>actafisiatrica:Art.+Orig.</setSpec>
<setSpec>driver</setSpec>
</header>
<metadata>
<record xmlns="http://www.loc.gov/MARC21/slim" xmlns:xsi="http://www.w3.org/2001/XMLSchema-instance" xsi:schemaLocation="http://www.loc.gov/MARC21/slim http://www.loc.gov/standards/marcxml/schema/MARC21slim.xsd">
<leader>     nmb a2200000Iu 4500</leader>
<controlfield tag="008">"081209 2008                        eng  "</controlfield>
<datafield tag="022" ind1="#" ind2="#">
<subfield code="$a">2317-0190</subfield>
</datafield>
<datafield tag="022" ind1="#" ind2="#">
<subfield code="$a">0104-7795</subfield>
</datafield>
<datafield tag="042" ind1=" " ind2=" ">
<subfield code="a">dc</subfield>
</datafield>
<datafield tag="245" ind1="0" ind2="0">
<subfield code="a">Tarefas orientadas e biofeedback: efeitos na transferência de peso em hemiparéticos</subfield>
</datafield>  <datafield tag="720" ind1="1" ind2=" ">
<subfield code="a">Trípoli, Fernanda</subfield>
<subfield code="u">Universidade Estadual de Campinas </subfield></datafield>
<datafield tag="720" ind1="1" ind2=" ">
<subfield code="a">Moreira, Sofia Rael</subfield>
<subfield code="u">Universidade Estadual de Campinas</subfield></datafield>
<datafield tag="720" ind1="1" ind2=" ">
<subfield code="a">Oberg, Telma Dagmar</subfield>
<subfield code="u">Universidade Estadual de Campinas</subfield></datafield>
<datafield tag="720" ind1="1" ind2=" ">
<subfield code="a">Lima, Núbia Maria Freire Vieira</subfield>
<subfield code="u">Universidade Estadual de Campinas</subfield></datafield>
<datafield tag="520" ind1=" " ind2=" ">
<subfield code="a"> Indivíduos hemiparéticos apresentam assimetria na distribuiçao do peso corpóreo em ortostatismo, limitando-os em suas atividades de vida diária. O reconhecimento desta assimetria e capacidade de redistribuiçao de peso constituem um importante aspecto para reabilitaçao. O objetivo foi analisar a transferência de peso durante tarefas orientadas e após feedbacks em hemiparéticos. Foram recrutados 28 indivíduos hemiparéticos, sendo avaliados por 2 balanças digitais nas tarefas com pés afastados 20 cm e olhos abertos, membro inferior afetado à frente, membro inferior afetado atrás, privaçao visual, feedback auditivo e feedback visual. Houve aumento de 11.36% do peso no membro afetado na tarefa de membro para trás, 4.54% após uso do feedback visual, 45.45% após feedback auditivo. Em contraste, houve reduçao da transferência de peso no membro afetado de 4.54% na tarefa de privaçao visual e 6.81% na posiçao de passo à frente (p&lt;0.001). Observou-se que a utilizaçao de feedback externo (espelho e comando verbal do terapeuta) e a tarefa de membro parético para trás foram efetivas na redistribuiçao de peso entre os membros inferiores na hemiparesia. </subfield>
</datafield>
<datafield tag="260" ind1=" " ind2=" ">
<subfield code="b">Faculdade de Medicina, Universidade de São Paulo</subfield>
</datafield>
<dataField tag="260" ind1=" " ind2=" ">
<subfield code="c">2008-12-09 00:00:00</subfield>
</dataField>   <datafield tag="856" ind1=" " ind2=" ">
<subfield code="q">application/pdf</subfield>
</datafield>
<datafield tag="856" ind1="4" ind2="0">
<subfield code="u">https://www.revistas.usp.br/actafisiatrica/article/view/102994</subfield>
</datafield>  <datafield tag="786" ind1="0" ind2=" ">
<subfield code="n">Acta Fisiátrica; v. 15 n. 4 (2008)</subfield>
</datafield>  <datafield tag="546" ind1=" " ind2=" ">
<subfield code="a">por</subfield>
</datafield>   <datafield tag="540" ind1=" " ind2=" ">
<subfield code="a">Copyright (c) 2008 Acta Fisiátrica</subfield>
</datafield>
</record>
</metadata>
</record>