
<record>
<header>
<identifier>oai:revistas.usp.br:article/102995</identifier>
<datestamp>2019-11-26T18:32:18Z</datestamp>
<setSpec>actafisiatrica:Art.+Orig.</setSpec>
<setSpec>driver</setSpec>
</header>
<metadata>
<record xmlns="http://www.loc.gov/MARC21/slim" xmlns:xsi="http://www.w3.org/2001/XMLSchema-instance" xsi:schemaLocation="http://www.loc.gov/MARC21/slim http://www.loc.gov/standards/marcxml/schema/MARC21slim.xsd">
<leader>     nmb a2200000Iu 4500</leader>
<controlfield tag="008">"081209 2008                        eng  "</controlfield>
<datafield tag="022" ind1="#" ind2="#">
<subfield code="$a">2317-0190</subfield>
</datafield>
<datafield tag="022" ind1="#" ind2="#">
<subfield code="$a">0104-7795</subfield>
</datafield>
<datafield tag="042" ind1=" " ind2=" ">
<subfield code="a">dc</subfield>
</datafield>
<datafield tag="245" ind1="0" ind2="0">
<subfield code="a">Correlação do déficit de equilíbrio, comprometimento motor e independência funcional em indivíduos hemiparéticos crônicos</subfield>
</datafield>  <datafield tag="720" ind1="1" ind2=" ">
<subfield code="a">Azevedo, Eliza Regina Ferreira Braga Machado de</subfield>
<subfield code="u">Universidade Estadual de Campinas</subfield></datafield>
<datafield tag="720" ind1="1" ind2=" ">
<subfield code="a">Macedo, Lydianna Silveira de</subfield>
<subfield code="u">Universidade Estadual de Campinas</subfield></datafield>
<datafield tag="720" ind1="1" ind2=" ">
<subfield code="a">Paraízo, Marcelo Fabiano Novaes</subfield>
<subfield code="u">Universidade Estadual de Campinas</subfield></datafield>
<datafield tag="720" ind1="1" ind2=" ">
<subfield code="a">Oberg, Telma Dagmar</subfield>
<subfield code="u">Universidade Estadual de Campinas</subfield></datafield>
<datafield tag="720" ind1="1" ind2=" ">
<subfield code="a">Lima, Núbia Maria Freire Vieira</subfield>
<subfield code="u">Universidade Estadual de Campinas</subfield></datafield>
<datafield tag="720" ind1="1" ind2=" ">
<subfield code="a">Cacho, Enio Walker Azevedo</subfield>
<subfield code="u">Universidade Estadual de Campinas</subfield></datafield>
<datafield tag="520" ind1=" " ind2=" ">
<subfield code="a"> Objetivo: Verificar as correlações entre o déficit de equilíbrio e o comprometimento motor nas atividades funcionais de pacientes hemiparéticos crônicos após AVE. Metodologia: 24 pacientes hemiparéticos crônicos após AVE foram selecionados e avaliados através da Medida de Independência Funcional (MIF), da Escala de Equilíbrio de Berg (EEB), do Índice do Andar Dinâmico (IAD) e do Protocolo de Desempenho Físico da Fugl-Meyer (FM). Resultados: EEB apresentou moderada correlação com a MIF (r= 0.6457, p= 0.0007), subescala de equilíbrio (r= 0.5070, p= 0.0114) e extremidade inferior da FM (r= 0.5728, p=0.0034) e IAD (r= 0.6453, p= 0.0007). A MIF também apresentou moderada correlação com IAD (r=0.5449, p= 0.0059) e subescala equilíbrio da FM (r= 0.6107, p= 0.0015). Entretanto, foi observada fraca correlação entre a MIF e a subescala de extremidade inferior da FM (r= 0.1515, p= 0.4797). Conclusão: O déficit de equilíbrio se correlacionou ao nível de independência funcional na hemiparesia crônica. Entretanto, não houve relação entre o comprometimento motor e a independência funcional. </subfield>
</datafield>
<datafield tag="260" ind1=" " ind2=" ">
<subfield code="b">Faculdade de Medicina, Universidade de São Paulo</subfield>
</datafield>
<dataField tag="260" ind1=" " ind2=" ">
<subfield code="c">2008-12-09 00:00:00</subfield>
</dataField>   <datafield tag="856" ind1=" " ind2=" ">
<subfield code="q">application/pdf</subfield>
</datafield>
<datafield tag="856" ind1="4" ind2="0">
<subfield code="u">https://www.revistas.usp.br/actafisiatrica/article/view/102995</subfield>
</datafield>  <datafield tag="786" ind1="0" ind2=" ">
<subfield code="n">Acta Fisiátrica; v. 15 n. 4 (2008)</subfield>
</datafield>  <datafield tag="546" ind1=" " ind2=" ">
<subfield code="a">por</subfield>
</datafield>   <datafield tag="540" ind1=" " ind2=" ">
<subfield code="a">Copyright (c) 2008 Acta Fisiátrica</subfield>
</datafield>
</record>
</metadata>
</record>