
<record>
<header>
<identifier>oai:revistas.usp.br:article/102997</identifier>
<datestamp>2019-11-26T18:40:29Z</datestamp>
<setSpec>actafisiatrica:Art.+Orig.</setSpec>
<setSpec>driver</setSpec>
</header>
<metadata>
<record xmlns="http://www.loc.gov/MARC21/slim" xmlns:xsi="http://www.w3.org/2001/XMLSchema-instance" xsi:schemaLocation="http://www.loc.gov/MARC21/slim http://www.loc.gov/standards/marcxml/schema/MARC21slim.xsd">
<leader>     nmb a2200000Iu 4500</leader>
<controlfield tag="008">"081209 2008                        eng  "</controlfield>
<datafield tag="022" ind1="#" ind2="#">
<subfield code="$a">2317-0190</subfield>
</datafield>
<datafield tag="022" ind1="#" ind2="#">
<subfield code="$a">0104-7795</subfield>
</datafield>
<datafield tag="042" ind1=" " ind2=" ">
<subfield code="a">dc</subfield>
</datafield>
<datafield tag="245" ind1="0" ind2="0">
<subfield code="a">Avaliação da funcionalidade dos trabalhadores com LER/DORT: a construção do Core Set da CIF para LER/DORT</subfield>
</datafield>  <datafield tag="720" ind1="1" ind2=" ">
<subfield code="a">Lima, Mônica Angelim Gomes de</subfield>
<subfield code="u">Universidade Federal da Bahia</subfield></datafield>
<datafield tag="720" ind1="1" ind2=" ">
<subfield code="a">Neves, Robson da Fonseca</subfield>
<subfield code="u">Universidade Federal da Bahia</subfield></datafield>
<datafield tag="720" ind1="1" ind2=" ">
<subfield code="a">Tironi, Márcia Oliveira Staffa</subfield>
<subfield code="u">Universidade Federal da Bahia</subfield></datafield>
<datafield tag="720" ind1="1" ind2=" ">
<subfield code="a">Nascimento, Ana Márcia Duarte Nunes</subfield>
<subfield code="u">Universidade Federal da Bahia</subfield></datafield>
<datafield tag="720" ind1="1" ind2=" ">
<subfield code="a">Magalhães, Francesca de Brito</subfield>
</datafield>
<datafield tag="520" ind1=" " ind2=" ">
<subfield code="a"> O presente artigo apresenta o Core set da CIF para LER/DORT e seu processo de construção.  O Core set da CIF para LER/DORT foi elaborado por meio de consensos sucessivos entre especialistas do campo da saúde do trabalhador em seis etapas, que envolveram desde a aproximação e estudo da CIF, leitura, discussão até a eleição de códigos e comparação com os core sets de dor generalizada e de depressão. Para o componente ‘funções do corpo’ foram escolhidos códigos relacionados aos aspectos: funções mentais, sensoriais, de dor e neuromusculoesqueléticas e relacionadas ao movimento. Para ‘estruturas do corpo’ foram escolhidos códigos relacionados aos aspectos: estruturas do sistema nervoso e relacionadas ao movimento. Para ‘atividade e participação’ foram escolhidos códigos relacionados à: mobilidade, cuidado pessoal, vida doméstica, relações e interações interpessoais e áreas principais da vida. Para ‘fatores ambientais’ foram escolhidos códigos relacionados à: apoio e relacionamentos, atitudes e serviços, sistemas e políticas. O componente ambiente foi o mais limitado para a descrição dentro do contexto do trabalho. Este artigo apresenta o esforço de construção de um core set, a partir de uma abordagem interdisciplinar, viável à aplicação no processo de tratamento e reabilitação de trabalhadores com LER/DORT e poderá contribuir para inserir o Brasil na discussão internacional que trata das conseqüências do adoecimento humano a partir do modelo sócio-médico, deslocando o debate científico e a produção de políticas públicas do contexto da deficiência/incapacidade para o contexto da saúde. </subfield>
</datafield>
<datafield tag="260" ind1=" " ind2=" ">
<subfield code="b">Faculdade de Medicina, Universidade de São Paulo</subfield>
</datafield>
<dataField tag="260" ind1=" " ind2=" ">
<subfield code="c">2008-12-09 00:00:00</subfield>
</dataField>   <datafield tag="856" ind1=" " ind2=" ">
<subfield code="q">application/pdf</subfield>
</datafield>
<datafield tag="856" ind1="4" ind2="0">
<subfield code="u">https://www.revistas.usp.br/actafisiatrica/article/view/102997</subfield>
</datafield>  <datafield tag="786" ind1="0" ind2=" ">
<subfield code="n">Acta Fisiátrica; v. 15 n. 4 (2008)</subfield>
</datafield>  <datafield tag="546" ind1=" " ind2=" ">
<subfield code="a">por</subfield>
</datafield>   <datafield tag="540" ind1=" " ind2=" ">
<subfield code="a">Copyright (c) 2008 Acta Fisiátrica</subfield>
</datafield>
</record>
</metadata>
</record>