
<record>
<header>
<identifier>oai:revistas.usp.br:article/103000</identifier>
<datestamp>2019-11-26T18:44:54Z</datestamp>
<setSpec>actafisiatrica:Art.+Orig.</setSpec>
<setSpec>driver</setSpec>
</header>
<metadata>
<record xmlns="http://www.loc.gov/MARC21/slim" xmlns:xsi="http://www.w3.org/2001/XMLSchema-instance" xsi:schemaLocation="http://www.loc.gov/MARC21/slim http://www.loc.gov/standards/marcxml/schema/MARC21slim.xsd">
<leader>     nmb a2200000Iu 4500</leader>
<controlfield tag="008">"081209 2008                        eng  "</controlfield>
<datafield tag="022" ind1="#" ind2="#">
<subfield code="$a">2317-0190</subfield>
</datafield>
<datafield tag="022" ind1="#" ind2="#">
<subfield code="$a">0104-7795</subfield>
</datafield>
<datafield tag="042" ind1=" " ind2=" ">
<subfield code="a">dc</subfield>
</datafield>
<datafield tag="245" ind1="0" ind2="0">
<subfield code="a">Efetividade da acupuntura para alívio da dor e ganho funcional em espondilite anquilosante: ensaio clínico controlado e randomizado</subfield>
</datafield>  <datafield tag="720" ind1="1" ind2=" ">
<subfield code="a">Jorge, Liliana Lourenço</subfield>
<subfield code="u">Universidade de São Paulo. Faculdade de Medicina</subfield></datafield>
<datafield tag="720" ind1="1" ind2=" ">
<subfield code="a">Imamura, Marta</subfield>
<subfield code="u">Universidade de São Paulo. Faculdade de Medicina</subfield><subfield code="0">https://orcid.org/0000-0003-0355-9697</subfield></datafield>
<datafield tag="720" ind1="1" ind2=" ">
<subfield code="a">Sugawara, André Tadeu</subfield>
<subfield code="u">Universidade de São Paulo. Faculdade de Medicina</subfield></datafield>
<datafield tag="720" ind1="1" ind2=" ">
<subfield code="a">Fen, Chien Hsin</subfield>
<subfield code="u">Universidade de São Paulo. Faculdade de Medicina</subfield></datafield>
<datafield tag="520" ind1=" " ind2=" ">
<subfield code="a"> A espondilite anquilosante (EA) é uma doença inflamatória crônica que acarreta seqüelas osteomusculares, déficit funcional e dor. Apesar do crescente número de pacientes buscando acupuntura como opção terapêutica para analgesia, há poucos trabalhos verificando sua eficácia em ensaios controlados. O objetivo deste estudo é avaliar a eficácia da acupuntura para alívio da dor espinhal em pacientes com EA. Estudo piloto randomizado duplo-cego, placebo-controlado na Divisão de Medicina Física e Reabilitação do Hospital das Clínicas da Universidade de São Paulo. Dez portadores de dor espinhal secundária à EA foram estudados para se verificar o efeito de dez sessões de acupuntura clássica, duas vezes por semana, contra eletroacupuntura placebo. A avaliação da intervenção antes e após incluiu medida da dor espinhal, mobilidade espinhal (teste de Schober, distância dedos-chão, distância occipício-parede e expansibilidade torácica), inflamação (BASDAI, proteínas de fase aguda), avaliação subjetiva do paciente e função (BASFI). Acupuntura clássica não foi melhor que placebo nas medidas de saída. Contudo, o Effect Size para alívio da dor foi 2,04 para acupuntura e 1,09 para placebo, ambos considerados comparáveis aos tratamentos padrão para EA. Pelo teste do Sinal, ambas as intervenções mostraram resultado significante. Acupuntura não é melhor que placebo para o alívio da dor em pacientes com EA. A resposta relevante no grupo placebo fornece evidência do efeito benéfico da relação médico-paciente no alívio da dor em pacientes com EA. O estudo está registrado com o número ISRCTN02971192 em http://isrctn.org </subfield>
</datafield>
<datafield tag="260" ind1=" " ind2=" ">
<subfield code="b">Faculdade de Medicina, Universidade de São Paulo</subfield>
</datafield>
<dataField tag="260" ind1=" " ind2=" ">
<subfield code="c">2008-12-09 00:00:00</subfield>
</dataField>   <datafield tag="856" ind1=" " ind2=" ">
<subfield code="q">application/pdf</subfield>
</datafield>
<datafield tag="856" ind1="4" ind2="0">
<subfield code="u">https://www.revistas.usp.br/actafisiatrica/article/view/103000</subfield>
</datafield>  <datafield tag="786" ind1="0" ind2=" ">
<subfield code="n">Acta Fisiátrica; v. 15 n. 4 (2008)</subfield>
</datafield>  <datafield tag="546" ind1=" " ind2=" ">
<subfield code="a">por</subfield>
</datafield>   <datafield tag="540" ind1=" " ind2=" ">
<subfield code="a">Copyright (c) 2008 Acta Fisiátrica</subfield>
</datafield>
</record>
</metadata>
</record>