
<record>
<header>
<identifier>oai:revistas.usp.br:article/103001</identifier>
<datestamp>2019-11-26T18:50:14Z</datestamp>
<setSpec>actafisiatrica:Art.+Orig.</setSpec>
<setSpec>driver</setSpec>
</header>
<metadata>
<record xmlns="http://www.loc.gov/MARC21/slim" xmlns:xsi="http://www.w3.org/2001/XMLSchema-instance" xsi:schemaLocation="http://www.loc.gov/MARC21/slim http://www.loc.gov/standards/marcxml/schema/MARC21slim.xsd">
<leader>     nmb a2200000Iu 4500</leader>
<controlfield tag="008">"081209 2008                        eng  "</controlfield>
<datafield tag="022" ind1="#" ind2="#">
<subfield code="$a">2317-0190</subfield>
</datafield>
<datafield tag="022" ind1="#" ind2="#">
<subfield code="$a">0104-7795</subfield>
</datafield>
<datafield tag="042" ind1=" " ind2=" ">
<subfield code="a">dc</subfield>
</datafield>
<datafield tag="245" ind1="0" ind2="0">
<subfield code="a">Dor musculoesquelética na atenção primária à saúde em uma cidade do Vale do Mucuri, nordeste de Minas Gerais</subfield>
</datafield>  <datafield tag="720" ind1="1" ind2=" ">
<subfield code="a">Cordeiro, Quirino</subfield>
<subfield code="u">Universidade de São Paulo. Faculdade de Medicina</subfield></datafield>
<datafield tag="720" ind1="1" ind2=" ">
<subfield code="a">El Khouri, Marcelo</subfield>
<subfield code="u">Universidade de São Paulo. Faculdade de Medicina</subfield></datafield>
<datafield tag="720" ind1="1" ind2=" ">
<subfield code="a">Corbett, Carlos Eduardo</subfield>
<subfield code="u">Universidade de São Paulo. Faculdade de Medicina</subfield></datafield>
<datafield tag="520" ind1=" " ind2=" ">
<subfield code="a"> A dor musculoesquelética é um problema de saúde pública, devido à sua alta prevalência, alto custo e impacto negativo que pode causar na qualidade de vida dos pacientes e também de seus familiares. A dor musculoesquelética é um quadro clínico importante no atendimento aos pacientes da atenção primária à saúde. Assim, o objetivo do presente estudo foi investigar a freqüência de dor musculoesquelética como razão para consulta médica na atenção primária à saúde, na cidade de Serra dos Aimorés, localizada na região nordeste do estado de Minas Gerais, no Vale do Mucuri, Brasil, e tentar correlacionar tal quadro clínico às variáveis de gênero e idade. Dentre todas as queixas clínicas referidas como razão para consulta médica, a dor musculoesquelética foi a mais prevalente entre os 1.306 pacientes investigados, sendo encontrada em 139 deles (10,64%). A análise estatística dos dados encontrou associação significante entre gênero masculino e presença de queixa de dor musculoesquelética. Em relação à faixa etária, pôde-se observar um aumento na freqüência de queixa de dor musculoesquelética, conforme a idade avançava. No entanto, não foi encontrada diferença estatisticamente significante, quando a população, dividida por faixa etária, foi analisada. Tais achados reforçam a importância de adequada avaliação e tratamento dos quadros de dor musculoesquelética pelas equipes da atenção primária à saúde. Importância especial deve ser dada a algumas populações específicas, como os idosos. Ademais, há que se atentar também para a diferença existente entre pacientes do sexo masculino e feminino. </subfield>
</datafield>
<datafield tag="260" ind1=" " ind2=" ">
<subfield code="b">Faculdade de Medicina, Universidade de São Paulo</subfield>
</datafield>
<dataField tag="260" ind1=" " ind2=" ">
<subfield code="c">2008-12-09 00:00:00</subfield>
</dataField>   <datafield tag="856" ind1=" " ind2=" ">
<subfield code="q">application/pdf</subfield>
</datafield>
<datafield tag="856" ind1="4" ind2="0">
<subfield code="u">https://www.revistas.usp.br/actafisiatrica/article/view/103001</subfield>
</datafield>  <datafield tag="786" ind1="0" ind2=" ">
<subfield code="n">Acta Fisiátrica; v. 15 n. 4 (2008)</subfield>
</datafield>  <datafield tag="546" ind1=" " ind2=" ">
<subfield code="a">por</subfield>
</datafield>   <datafield tag="540" ind1=" " ind2=" ">
<subfield code="a">Copyright (c) 2008 Acta Fisiátrica</subfield>
</datafield>
</record>
</metadata>
</record>
<resumptionToken expirationDate="2023-08-08T14:50:04Z" completeListSize="935" cursor="275">02f3ca6ee061ecdb32a544b725a7a898</resumptionToken>
</ListRecords>
</OAI-PMH> 